<?xml version="1.0" encoding="UTF-8"?><record xmlns="http://www.loc.gov/MARC21/slim" xmlns:cinclude="http://apache.org/cocoon/include/1.0" xmlns:zs="http://www.loc.gov/zing/srw/">
  <leader>00564cz  a2200133n  4500</leader>
  <controlfield tag="001">n 2003057854</controlfield>
  <controlfield tag="003">DLC</controlfield>
  <controlfield tag="005">20040203073014.0</controlfield>
  <controlfield tag="008">031201n| acannaabn          |a ana      </controlfield>
  <datafield tag="010" ind1=" " ind2=" ">
    <subfield code="a">n 2003057854</subfield>
  </datafield>
  <datafield tag="040" ind1=" " ind2=" ">
    <subfield code="a">DLC</subfield>
    <subfield code="b">eng</subfield>
    <subfield code="c">DLC</subfield>
    <subfield code="d">DLC</subfield>
  </datafield>
  <datafield tag="110" ind1="2" ind2=" ">
    <subfield code="a">Nadni︠o︡manskii︠a︡ halasy (Association)</subfield>
  </datafield>
  <datafield tag="410" ind1="2" ind2=" ">
    <subfield code="a">Litab'i︠a︡dnannʹe "Nadni︠o︡manskii︠a︡ halasy"</subfield>
  </datafield>
  <datafield tag="670" ind1=" " ind2=" ">
    <subfield code="a">Vita, 1997:</subfield>
    <subfield code="b">t.p. (...litab'i︠a︡dnanni︠a︡ "Nadni︠o︡manskii︠a︡ halasy") p. 3 (Nadni︠o︡manskii︠a︡ halasy=literary association of students at the Hrodzenski state university)</subfield>
  </datafield>
</record>